<record><leader>00000cas a2200000 a 4500</leader><controlfield tag="001">51089289</controlfield><controlfield tag="008">021127d19491959caudn ne      0    0eng c</controlfield><datafield ind1=" " ind2=" " tag="010"><subfield code="a">sn2002060444</subfield></datafield><datafield ind1=" " ind2=" " tag="040"><subfield code="a">CNK</subfield><subfield code="b">eng</subfield><subfield code="c">CNK</subfield><subfield code="d">OCLCQ</subfield><subfield code="d">OCLCF</subfield><subfield code="d">OCLCO</subfield></datafield><datafield ind1="1" ind2=" " tag="029"><subfield code="a">AU@</subfield><subfield code="b">000024254000</subfield></datafield><datafield ind1=" " ind2=" " tag="042"><subfield code="a">pcc</subfield></datafield><datafield ind1=" " ind2=" " tag="043"><subfield code="a">n-us-ca</subfield></datafield><datafield ind1="0" ind2=" " tag="130"><subfield code="a">South Bay daily breeze (Redondo Beach, Calif. : 1949)</subfield></datafield><datafield ind1="1" ind2="0" tag="245"><subfield code="a">South Bay daily breeze.</subfield></datafield><datafield ind1=" " ind2=" " tag="260"><subfield code="a">Redondo Beach, Calif. :</subfield><subfield code="b">Daily Breeze Pub. Co.</subfield></datafield><datafield ind1=" " ind2=" " tag="300"><subfield code="a">v.</subfield></datafield><datafield ind1=" " ind2=" " tag="310"><subfield code="a">Daily (except Sun.)</subfield></datafield><datafield ind1="0" ind2=" " tag="362"><subfield code="a">Vol. 56, no. 171 (Aug. 23, 1949)-v. 65, no. 16 (Jan. 19, 1959).</subfield></datafield><datafield ind1=" " ind2="0" tag="651"><subfield code="a">Redondo Beach (Calif.)</subfield><subfield code="v">Newspapers.</subfield></datafield><datafield ind1=" " ind2="7" tag="655"><subfield code="a">Newspapers.</subfield><subfield code="2">fast</subfield><subfield code="0">(OCoLC)fst01423814</subfield></datafield><datafield ind1=" " ind2="7" tag="651"><subfield code="a">California</subfield><subfield code="z">Redondo Beach.</subfield><subfield code="2">fast</subfield><subfield code="0">(OCoLC)fst01220411</subfield></datafield><datafield ind1=" " ind2=" " tag="752"><subfield code="a">United States</subfield><subfield code="b">California</subfield><subfield code="c">Los Angeles</subfield><subfield code="d">Redondo Beach.</subfield></datafield><datafield ind1="0" ind2="0" tag="780"><subfield code="t">Daily breeze (Redondo Beach, Calif. : 1945)</subfield><subfield code="w">(DLC)sn 99060802</subfield></datafield><datafield ind1="0" ind2="0" tag="785"><subfield code="t">Daily breeze (Redondo Beach, Calif.)</subfield><subfield code="w">(DLC)sn 95061266</subfield></datafield></record>